<?xml version="1.0" encoding="UTF-8"?><collection xmlns="http://www.loc.gov/MARC21/slim"><record><leader>00624nam--2200181-i-4500</leader><controlfield tag="001">000019908</controlfield><controlfield tag="002">20161230</controlfield><controlfield tag="005">20161230201033</controlfield><controlfield tag="008">060222s1000------------r-----000-0-fre-d</controlfield><datafield ind1=" " ind2=" " tag="040"><subfield code="a">IFIN-HH</subfield></datafield><datafield ind1=" " ind2=" " tag="041"><subfield code="a">fre</subfield></datafield><datafield ind1=" " ind2=" " tag="080"><subfield code="a">539.186.3(043)</subfield></datafield><datafield ind1="1" ind2=" " tag="100"><subfield code="a">Fort, Jacques</subfield></datafield><datafield ind1="1" ind2="0" tag="245"><subfield code="a">Etude de la production d ions penning et associations dans les collisions d atomes d hydrogene h(1 la 2 s) avec des atomes metastables d helium he(2 la 1 s) et dans le domaine thermique 0,015 ev- 0,1 ev</subfield><subfield code="b">These</subfield><subfield code="c">Jacques fort</subfield></datafield><datafield ind1=" " ind2=" " tag="260"><subfield code="a">Paris</subfield><subfield code="b">Universite</subfield><subfield code="c">1977</subfield></datafield><datafield ind1=" " ind2=" " tag="300"><subfield code="a">179 P</subfield></datafield><datafield ind1=" " ind2=" " tag="852"><subfield code="a">48489</subfield><subfield code="c">539.18</subfield></datafield><datafield ind1=" " ind2=" " tag="CAT"><subfield code="a">Sys</subfield><subfield code="c">20120704</subfield><subfield code="h">162529</subfield></datafield></record></collection>